@book{yanofsky2008quantum,
  title={Quantum computing for computer scientists},
  author={Yanofsky, Noson S and Mannucci, Mirco A},
  year={2008},
  publisher={Cambridge University Press}
}

@article{nielsen2001quantum,
  title={Quantum computation and quantum information},
  author={Nielsen, Michael A and Chuang, Isaac L},
  journal={Phys. Today},
  volume={54},
  number={2},
  pages={60},
  year={2001}
}

@misc{chen2023github,
  author = {Chenjie Huang},
  title = {{Repositorio GitHub}},
  howpublished = "\url{https://github.com/chenjie512/tfg_quantum_computing.git}",
  year = {2023}
}